@book{algorithm_theory,
    author = "Успенский В. А., Семенов А. Л.",
    title = "Теория алгоритмов: основные открытия и приложения",
    publisher = "М.: Наука",
    year = "1987",
    pages = "288"
}

@book{gudman:alg_coding,
    author = "Гудман С., Хидетниеми С.",
    title = "Введение в разработку и анализ алгоритмов",
    editor = "В. В. Мартынюк",
    publisher = "М.: Мир",
    year = "1981",
    pages = "366"
}

@article{techcomp:enc,
    author = "Базанов Павел, Вербов Игорь",
    title = "Датчики положения в современных системах автоматизации в примерах и иллюстрациях",
    year = "2006",
    journal = "Компоненты и технологии",
    volume = "7"
}

@article{radiofreq:tof,
    author = "B. Thorbjornsen, N. M. White, A. D. Brown and J. S. Reeve",
    title = "Radio Frequency (RF) Time-of-Flight Ranging for Wireless Sensor Networks",
    year = "2010",
    journal = "Measurement Science and Technology",
    volume = "21"
}

@book{introlatex,
    author = "Tobias Oetiker, Hubert Partl, Irene Hyna, Elisabeth Schlegl",
    title = "Не очень краткое введение в \LaTeX~2$\epsilon$ или \LaTeX~2$\epsilon$ за 137 минут",
    editor = "Б. Тоботрас",
    year = "2003"
}

@book{robotcomplex,
    author = "Соломенцев Ю. М.",
    title = "Робототехнические комплексы и ГПС в машиностроении. Альбом схем и чертежей",
    editor = "Соломенцев Ю. М.",
    publisher = "М.: Машиностроение",
    year = "1989"
}

@book{mir:philosophy,
    author = "Миронов В. В.",
    title = "Философия: учебник для ВУЗов",
    editor = "Зотов А. Ф., Миронов В. В., Разин А. В.",
    publisher = "М.: Академический Проект",
    year = "2004"
}

@book{novich:methodic,
    author = "Новичихин Р. В. и др.",
    title = "Методические указания по практическим работам по курсам <<РТК>> и <<Проектирование РТК>>",
    publisher = "Мн.: БПИ",
    year = "1989"
}

@book{kogan:transport,
    author = "Коган Б. И.",
    title = "Автоматизированные транспортно-складские системы на участках механической обработки деталей",
    year = "2002"
}

@book{ivn:service,
    author = "Ивницкий В. Л.",
    title = "Теория сетей массового обслуживания",
    publisher = "М.: Физматлит",
    year = "2004"
}

@book{karp:modelling,
    author = "Карпов Ю. Г.",
    title = "Имитационное моделирование систем. Введение в моделирование с AnyLogic 5",
    publisher = "СПб: БЧВ-Петербург",
    year = "2006"
}

@book{prok:conspect,
    author = "Прокопович Г. А.",
    title = "Конспект лекций по дисциплине <<Проектирование систем автоматизации в приборостроении и электронике>>",
    year = "2014"
}

@book{pech:meth,
    author = "Печковский Е. И., Прокопович Г. А.",
    title = "Методическое пособие для курсовой работы по дисциплине <<Проектирование систем автоматизации в приборостроении и электронике>>",
    year = "2014"
}

@book{gordin:automatics,
    author = "Е. М. Гордин, Ю. Ш. Митник, В. А. Тарлинский",
    title = "Основы автоматики и вычислительной техники",
    publisher = "М.: Машиностроение",
    year = "1978"
}

@book{gustav:digital,
    author = "Густав Олссон, Джангуидо Пиани",
    title = "Цифровые системы автоматизации и управления",
    publisher = "СПб.: Невский Диалект",
    year = "2001"
}

@book{labs,
    author = "Ю. Е. Лившиц, В. И. Лакин, А. М. Малаш, М. Г. Гарбар, Ф. С. Чайкин",
    title = "Учебно-методическое пособие и лабораторные работы для студентов специальностей 1 53 01 01 <<Автоматизация технологических процессов и производств>>, 1 53 01 06 <<Промышленные роботы и робототехнические комплексы>>, 1 40 01 01 <<Программное обеспечение информационных технологий>>, 1 40 01 02 <<Информационные системы и технологии>> всех форм обучения",
    publisher = "Мн.: БНТУ",
    year = "2007"
}

@book{mits:fx,
    author={Mitsubishi},
    title={Mitsubishi FX Series PLC User's Manual - Data Communication Edition},
    year={2015}
}





"Temporary
@misc{econ1,
    title = "Воздействие радиации на интегральные микросхемы. - Мн.: Наука и техника",
    author = "Коршунов Ф. П., Богатырёв Ю. В., Вавилов В. А.",
    publisher = "Мн.: Наука и техника",
    year = "1986"
}

@misc{econ2,
    title = "Действие излучений на полупроводники. - М.",
    author = "Вавилов В. С., Смирнов Л. С.",
    year = "1988"
}
