%----------Wikipedia entries----------

@misc{wiki:radiotransmitter,
    title = "Радиопередатчик [Электронный ресурс]. --- Электронные данные. --- Режим доступа: \url{http://ru.wikipedia.org/?oldid=57556563}."
}

@misc{wiki:rotary,
    title = "Датчик угла поворота // {В}икипедия, свободная энциклопедия",
    year = "2014",
    note = "URL: \url{http://ru.wikipedia.org/?oldid=62889715} (дата обращения: 10.10.2014)"
}

@misc{wiki:li,
    title = "Алгоритм {Л}и // {В}икипедия, свободная энциклопедия",
    year = "2014",
    note = "URL: \url{http://ru.wikipedia.org/?oldid=64988036} (дата обращения: 12.10.2014)"
}

@misc{wiki:pathfinding,
    title = "Поиск пути // {В}икипедия, свободная энциклопедия",
    year = "2013",
    note = "URL: \url{http://ru.wikipedia.org/?oldid=58464988} (дата обращения: 16.10.2014)"
}

@misc{wiki:tex,
    title = "{\TeX}~// {В}икипедия, свободная энциклопедия",
    year = "2014",
    note = "URL: \url{https://ru.wikipedia.org/wiki/TeX} (дата обращения: 24.10.2014)"
}

@misc{wiki:latex,
    title = "{\LaTeX}~// {В}икипедия, свободная энциклопедия",
    year = "2014",
    note = "URL: \url{http://ru.wikipedia.org/?oldid=64616635} (дата обращения: 25.10.2014)"
}

@misc{wiki:microcontroller,
    title = "Микроконтроллер [Электронный ресурс]. --- Электронные данные. --- Режим доступа: \url{http://ru.wikipedia.org/?oldid=66658701}."
}

@misc{wiki:modulation,
    title = "Модуляция [Электронный ресурс]. --- Электронные данные. --- Режим доступа: \url{http://ru.wikipedia.org/?oldid=68440632}."
}

@misc{wiki:radiolocation,
    title = "Радиолокация [Электронный ресурс]. --- Электронные данные. --- Режим доступа: \url{http://ru.wikipedia.org/?oldid=68483990}."
}

@misc{wiki:radiowaves,
    title = "Радиоволны [Электронный ресурс]. --- Электронные данные. --- Режим доступа: \url{http://ru.wikipedia.org/?oldid=68537787}."
}

%В. Г. Курт "Физика Космоса". 1986
@misc{astronet:atmosphere,
    title = "Прозрачность земной атмосферы [Электронный ресурс]. --- Электронные данные. --- Режим доступа: \url{http://astronet.ru/db/msg/1188575}."
}

%----------English Wikipedia entries----------

@misc{wiki:enrotary,
    title = "Rotary encoder // {W}ikipedia, The Free Encyclopedia",
    year = "2014",
    note = "URL: \url{https://en.wikipedia.org/wiki/Rotary_encoder} (дата обращения: 10.10.2014)"
}

%----------Other web pages----------

@misc{habr:antenna,
    title = "Теория радиоволн: антенны [Электронный ресурс]. --- Электронные данные. --- Режим доступа: \url{http://habrahabr.ru/post/158273}."
}

@misc{meanders:radiovolny,
    title = "Радиоволны, распространение радиоволн [Электронный ресурс]. --- Электронные данные. --- Режим доступа: \url{http://meanders.ru/radiovolny.shtml}."
}

@misc{fs1000a:specs,
    title = "FS1000A 315 MHz Wireless Radio Transmitting Module Specification [Электронный ресурс]. --- Электронные данные. --- Режим доступа: \url{http://www.ananiahelectronics.com/FS100A.htm}."
}

@misc{suv:li,
    title = "Обход препятствий: волновой алгоритм (алгоритм {Л}и) // {S}uvitruf's Blog",
    year = "2012",
    note = "URL: \url{http://suvitruf.ru/2012/05/13/1176/} (дата обращения: 12.10.2014)"
}

@misc{byte:li,
    title = "Волновой алгоритм поиска пути // 100 байт",
    year = "2014",
    note = "URL: \url{http://100byte.ru/100btwrks/wv/wv.html} (дата обращения: 14.10.2014)"
}

@misc{epromauto:enc,
    title = "Энкодеры. {У}стройство и принцип работы // {Э}нергопромавтоматика",
    year = "2014",
    note = "URL: \url{http://kipia.ru/catalog/detail/_enkoderyi_ustroystvo_i_printsip_rabotyi_5367/} (дата обращения: 13.10.2014)"
}

@misc{rusauto:enc,
    title = "Энкодеры // {R}us{A}utomation",
    year = "2014",
    note = "URL: \url{http://rusautomation.ru/enkodery} (дата обращения: 13.10.2014)"
}

@misc{comp:algoritm,
    title = "Алгоритмизация // {И}спользуй компьютер эффективно",
    year = "2014",
    note = "URL: \url{comp5.ru/Teoria/algoritm/indexAl.php} (дата обращения: 16.10.2014)"
}

@misc{szci:struct,
    title = "Базовые структуры алгоритмов // {С}борник задач по информатике",
    year = "2014",
    note = "URL: \url{http://szci.gym5cheb.ru/p11aa1.html} (дата обращения: 16.10.2014)"
}

@misc{oil:cycle,
    title = "Цикловое программное управление // {Б}ольшая энциклопедия нефти газа",
    year = "2014",
    note = "URL: \url{http://www.ngpedia.ru/id540461p1.html} (дата обращения: 17.10.2014)"
}

@misc{lekt:logic,
    title = "Логические процедуры обоснования научных знаний // Лекциопедия",
    year = "2014",
    note = "URL: \url{http://lektsiopedia.org/lek-24970.html} (дата обращения: 14.12.2014)"
}

@misc{stud:methods,
    title = "Методы научного познания // Студопедия",
    year = "2014",
    note = "URL: \url{http://studopedia.org/1-58805.html} (дата обращения: 14.12.2014)"
}

@misc{gtm:methods,
    title = "Методы научного познания // Центр гуманитарных технологий",
    year = "2014",
    note = "URL: \url{http://gtmarket.ru/concepts/6874} (дата обращения: 14.12.2014)"
}

@misc{stroi:upakovka,
    title = "Групповая и транспортная упаковка: обзор технологий // Строй-инфо. Строительный портал",
    year = "2008",
    note = "URL: \url{http://stroy-info.ucoz.ru/publ/1-1-0-125} (дата обращения 2.12.2014)"
}

@misc{bar:strepping,
    title = "Стреппинг // ООО Производственная компания <<Барс>>",
    year = "2014",
    note = "URL: \url{http://www.barsvrn.ru/streping.html} (дата обращения 4.12.2014)"
}

@misc{system:logistics,
    title = "Логистика. LGV // Системная логистика",
    year = "2014",
    note = "URL: \url{http://www.system-logistics.ru/logistics/lgv.html} (дата обращения: 2.12.2014)"
}

%----------PDF documents----------

@misc{educ:encoders,
    title = "Reading an encoder with MINI-MAX/51 and PRO-MAX // {E}ducypedia, The Educational Encyclopedia",
    year = "2014",
    note = "URL: \url{http://educypedia.karadimov.info/library/encoder.pdf} (дата обращения: 12.10.2014)"
}

@misc{bob:rpirotary,
    author = "Bob Rathbone",
    title = "Raspberry {PI} Rotary Encoders // {B}ob {R}athbone Computer Consultancy",
    year = "2014",
    note = "URL: \url{http://www.bobrathbone.com/raspberrypi/Raspberry%20Rotary%20Encoders.pdf} (дата обращения: 12.10.2014)"
}

@misc{tur:optical,
    title = "Оптические датчики (базовая программа) // TURCK-BANNER",
    year = "2014",
    note = "URL: \url{http://www.very-good.com.ua/industrial_automation/turckbanner.php} (дата обращения: 12.12.2014)"
}

@misc{atmega:328,
    title = "ATmega328 datasheet summary",
    year = "2014"
}

@misc{arduino:mega,
    title = "Arduino Mega 2560 Datasheet",
    year = "2015"
}

@misc{arduino:uno,
    title = "Arduino Uno 328 Datasheet",
    year = "2015"
}

@misc{tof:lowcost,
    title = "Radio Frequency Time-of-Flight Distance Measurement for Low-Cost Wireless Sensor Localization",
    author = "Steven Lanzisera, David Zats, Kristofer S. J. Pister",
    year = "2011"
}

@misc{tof:ranging,
    title = "Radio Frequency (RF) Time-of-Flight Ranging for Wireless Sensor Networks",
    author = "B. Thorbjornsen, N. M. White, A. D. Brown and J. S. Reeve",
    year = "2010"
}
